@misc{nittc_syllabus,
    author = {高専Webシラバス},
    title = {コンパイラ},
    howpublished = {\url{https://syllabus.kosen-k.go.jp/Pages/PublicSyllabus?school_id=23&department_id=25&subject_code=95018&year=2017&lang=ja}},
    year = {2023},
    note = {2023年10月18日閲覧}
}

@misc{okayama_syllabus,
	author = {Nobuya WATANABE},
	title = {コンパイラ（Compilers）},
	howpublished = {\url{http://www.arc.cs.okayama-u.ac.jp/~nobuya/lecture/compiler/}},
	year = {2020},
	note = {2023年10月18日閲覧}
}

@misc{uec_syllabus,
	author = {電気通信大学 シラバスWeb公開システム},
	title = {シラバス参照}, 
	howpublished = {\url{http://kyoumu.office.uec.ac.jp/syllabus/2023/31/31_21124118.html}},
	year = {2023},
	note = {2023年10月18日閲覧}
}

@book{tiger_book,
	author = {アンドリュー・W・エイペル},
	translator = {神林靖・滝本宗宏}, 
	title = {最新コンパイラ構成技法},
	publisher = {翔泳社},
	year = {2020},
	note = {
		原著者:Andrew W. Appel,
		原タイトル:Modern compiler implementation in ML,
		原出版社:Cambridge University Press,
		原著出版年:2008
	}
}

@article{ortin2022empirical,
  title={An empirical evaluation of Lex/Yacc and ANTLR parser generation tools},
  author={Ortin, Francisco and Quiroga, Jose and Rodriguez-Prieto, Oscar and Garcia, Miguel},
  journal={Plos one},
  volume={17},
  number={3},
  pages={e0264326},
  year={2022},
  publisher={Public Library of Science San Francisco, CA USA}
}

@article{kaplan2006yaccviso,
  title={yaccviso—a tool for visualizing yacc grammars},
  author={Kaplan, Leon Aaron},
  year={2006}
}

@article{楠目勝利1997コンパイラにおける構文解析過程の視覚化,
  title={コンパイラにおける構文解析過程の視覚化},
  author={楠目勝利 and 佐々政孝 and others},
  journal={全国大会講演論文集},
  number={ソフトウェア科学・工学},
  pages={448--449},
  year={1997}
}

@inproceedings{lovato1995parser,
  title={Parser visualizations for developing grammars with yacc},
  author={Lovato, Mona E and Kleyn, Michael F},
  booktitle={Proceedings of the twenty-sixth SIGCSE technical symposium on Computer science education},
  pages={345--349},
  year={1995}
}

@misc{vscode-yacc,
    author = {Visual Studio Marketplace},
    title = {VSCode-YACC},
    howpublished = {\url{https://marketplace.visualstudio.com/items?itemName=carlubian.yacc}},
    year = {2023},
    note = {2023年10月19日閲覧}
}
@misc{yash,
	author = {Visual Studio Marketplace},
	title = {Yash},
	howpublished = {\url{https://marketplace.visualstudio.com/items?itemName=daohong-emilio.yash}},
	year = {2024},
	note = {2024年2月8日閲覧}
}

@misc{lsp,
	author = {Official page for Language Server Protocol},
	title = {Language Server Protocol Specification - 3.17},
	howpublished = {\url{https://microsoft.github.io/language-server-protocol/specifications/lsp/3.17/specification/}},
	year = {2023},
	note = {2023年10月19日閲覧}
}


@misc{bison,
	author = {フリーソフトウェアファウンデーション(FSF)},
	title = {Bison 3.8.1},
	howpublished = {\url{https://www.gnu.org/software/bison/manual/bison.html}},
	year = {2021},
	note = {2024年1月15日閲覧}
}

@misc{lsp_impl,
	author = {Official page for Language Server Protocol},
	title = {Implemantations},
	howpublished = {\url{https://microsoft.github.io/language-server-protocol/implementors/servers/}},
	year = {2023},
	note = {2023年10月19日閲覧}
}

@misc{lsp_vscode,
	author = {Visual Studio Code},
	title = {Language Server Extension Guide | Visual Studio Code Extension API},
	howpublished = {\url{https://code.visualstudio.com/api/language-extensions/language-server-extension-guide}},
	year = {2024},
	note = {2024年2月8日閲覧}
}

@inproceedings{bunder2019decoupling,
  title={Decoupling Language and Editor-The Impact of the Language Server Protocol on Textual Domain-Specific Languages.},
  author={B{\"u}nder, Hendrik},
  booktitle={MODELSWARD},
  pages={129--140},
  year={2019}
}

@misc{vscode-languageclient,
	author = {npm},
	title = {vscode-languageclient},
	howpublished = {\url{https://www.npmjs.com/package/vscode-languageclient}},
	year = {2023},
	note = {2023年10月19日閲覧}
}

@misc{menhir,
	author = {Menhir Reference Manual (version 20231231)},
	title = {Inspection API},
	howpublished = {\url{https://gallium.inria.fr/~fpottier/menhir/manual.html#sec64}},
	year = {2023},
	note = {2024年1月28日閲覧}
}

@article{bour2018merlin,
  title={Merlin: a language server for OCaml (experience report)},
  author={Bour, Fr{\'e}d{\'e}ric and Refis, Thomas and Scherer, Gabriel},
  journal={Proceedings of the ACM on Programming Languages},
  volume={2},
  number={ICFP},
  pages={1--15},
  year={2018},
  publisher={ACM New York, NY, USA}
}
